Automatically generated by Mendeley Desktop 1.14
Any changes to this file will be lost if it is regenerated by Mendeley.

BibTeX export options can be customized via Options -> BibTeX in Mendeley Desktop

@article{Baier1984,
archivePrefix = {arXiv},
arxivId = {arXiv:1212.2780},
author = {Baier, Markus},
doi = {10.1136/pgmj.60.709.716},
eprint = {arXiv:1212.2780},
file = {:C$\backslash$:/Users/bier/Desktop/PHD/cv.pdf:pdf},
isbn = {9199625237},
issn = {0032-5473},
journal = {Postgraduate medical journal},
number = {709},
pages = {716--717},
pmid = {6390400},
title = {{Curriculum vitae}},
volume = {60},
year = {1984}
}
