@article{Mohraspect,
   author = "Mohr, Juergen and Grund, Thomas and Kunka, Danays and Kenntner, Johannes and Leuthold, Juerg and Meiser, Jan and Schulz, Joachim and Walter, Marco",
   title = "High aspect ratio gratings for X-ray phase contrast imaging",
   journal = "AIP Conference Proceedings",
   year = "2012",
   volume = "1466",
   number = "1", 
   eid = ,
   pages = "41-50",
   url = "http://scitation.aip.org/content/aip/proceeding/aipcp/10.1063/1.4742267",
   doi = "http://dx.doi.org/10.1063/1.4742267" 
}

